@book{vapnik2013nature,
  title={The nature of statistical learning theory},
  author={Vapnik, Vladimir},
  year={2013},
  publisher={Springer science \& business media}
}

@article{polyak1963gradient,
  title={Gradient methods for the minimisation of functionals},
  author={Polyak, Boris T},
  journal={USSR Computational Mathematics and Mathematical Physics},
  volume={3},
  number={4},
  pages={864--878},
  year={1963},
  publisher={Elsevier}
}

@article{nesterov2005smooth,
  title={Smooth minimization of non-smooth functions},
  author={Nesterov, Yu},
  journal={Mathematical programming},
  volume={103},
  number={1},
  pages={127--152},
  year={2005},
  publisher={Springer}
}

@article{parikh2014proximal,
  title={Proximal algorithms},
  author={Parikh, Neal and Boyd, Stephen and others},
  journal={Foundations and Trends{\textregistered} in Optimization},
  volume={1},
  number={3},
  pages={127--239},
  year={2014},
  publisher={Now Publishers, Inc.}
}


@article{beck2009fast,
  title={A fast iterative shrinkage-thresholding algorithm for linear inverse problems},
  author={Beck, Amir and Teboulle, Marc},
  journal={SIAM journal on imaging sciences},
  volume={2},
  number={1},
  pages={183--202},
  year={2009},
  publisher={SIAM}
}

@article{bottou2018optimization,
  title={Optimization methods for large-scale machine learning},
  author={Bottou, L{\'e}on and Curtis, Frank E and Nocedal, Jorge},
  journal={Siam Review},
  volume={60},
  number={2},
  pages={223--311},
  year={2018},
  publisher={SIAM}
}


@article{polyak1969minimization,
  title={Minimization of unsmooth functionals},
  author={Polyak, Boris Teodorovich},
  journal={USSR Computational Mathematics and Mathematical Physics},
  volume={9},
  number={3},
  pages={14--29},
  year={1969},
  publisher={Elsevier}
}

@article{polyak1969conjugate,
  title={The conjugate gradient method in extremal problems},
  author={Polyak, Boris T},
  journal={USSR Computational Mathematics and Mathematical Physics},
  volume={9},
  number={4},
  pages={94--112},
  year={1969},
  publisher={No longer published by Elsevier}
}


@article{hubara2017quantized,
  title={Quantized neural networks: Training neural networks with low precision weights and activations},
  author={Hubara, Itay and Courbariaux, Matthieu and Soudry, Daniel and El-Yaniv, Ran and Bengio, Yoshua},
  journal={The Journal of Machine Learning Research},
  volume={18},
  number={1},
  pages={6869--6898},
  year={2017},
  publisher={JMLR. org}
}

@article{cauchy1847methode,
  title={M{\'e}thode g{\'e}n{\'e}rale pour la r{\'e}solution des systemes d’{\'e}quations simultan{\'e}es},
  author={Cauchy, Augustin},
  journal={Comp. Rend. Sci. Paris},
  volume={25},
  number={1847},
  pages={536--538},
  year={1847}
}


@article{nutini2019active,
  title={“Active-set complexity” of proximal gradient: How long does it take to find the sparsity pattern?},
  author={Nutini, Julie and Schmidt, Mark and Hare, Warren},
  journal={Optimization Letters},
  volume={13},
  number={4},
  pages={645--655},
  year={2019},
  publisher={Springer}
}
@inproceedings{tang2004granular,
  title={Granular support vector machines for medical binary classification problems},
  author={Tang, Yuchun and Jin, Bo and Sun, Yi and Zhang, Yan-Qing},
  booktitle={2004 Symposium on Computational Intelligence in Bioinformatics and Computational Biology},
  pages={73--78},
  year={2004},
  organization={IEEE}
}
@inproceedings{johnson2013accelerating,
  title={Accelerating stochastic gradient descent using predictive variance reduction},
  author={Johnson, Rie and Zhang, Tong},
  booktitle={Advances in neural information processing systems},
  pages={315--323},
  year={2013}
}

@article{bhattacharya1966estimating,
  title={Estimating the mean of a multivariate normal population with general quadratic loss function},
  author={Bhattacharya, PK and others},
  journal={The Annals of Mathematical Statistics},
  volume={37},
  number={6},
  pages={1819--1824},
  year={1966},
  publisher={Institute of Mathematical Statistics}
}

@article{shao2014nonparallel,
  title={Nonparallel hyperplane support vector machine for binary classification problems},
  author={Shao, Yuan-Hai and Chen, Wei-Jie and Deng, Nai-Yang},
  journal={Information Sciences},
  volume={263},
  pages={22--35},
  year={2014},
  publisher={Elsevier}
}

@article{suykens1999least,
  title={Least squares support vector machine classifiers},
  author={Suykens, Johan AK and Vandewalle, Joos},
  journal={Neural processing letters},
  volume={9},
  number={3},
  pages={293--300},
  year={1999},
  publisher={Springer}
}

@article{rosenblatt1960perceptron,
  title={Perceptron simulation experiments},
  author={Rosenblatt, Frank},
  journal={Proceedings of the IRE},
  volume={48},
  number={3},
  pages={301--309},
  year={1960},
  publisher={IEEE}
}


@article{Leslie91, 
  title={A Bridging Model for Parallel Computation},
  author={Leslie G. Valiant},
  journal={Communications of the ACM},
  volume={33},
  number={8},
  pages={103--111},
  year={1990}
}


@book{Kumar02,
  title={Introduction to Parallel Computing},
  author={Vipin Kumar},
  year={2002},
  publisher={Addison-Wesley Longman}
}

@article{BoydPCPE11,
  author = {Boyd, Stephen P. and Parikh, Neal and Chu, Eric and Peleato, Borja and Eckstein, Jonathan},
  journal = {Foundations and Trends in Machine Learning},
  number = 1,
  pages = {1-122},
  title = {Distributed Optimization and Statistical Learning via the Alternating Direction Method of Multipliers.},
  volume = 3,
  year = 2011
}

@inproceedings{Chen2016,
title	= {Revisiting Distributed Synchronous SGD},
author	= {Jianmin Chen and Rajat Monga and Samy Bengio and Rafal Jozefowicz},
year	= {2016},
URL	= {https://arxiv.org/abs/1604.00981},
booktitle	= {International Conference on Learning Representations Workshop Track}
}

@inproceedings{Tsianos12,
author = {K.I. Tsianos and M.G. Rabbat},
title	= {Revisiting Distributed Synchronous SGD},
pages	= {1067--1072},
year	= {2012},
booktitle	= {American Control Conference}
}



@article{lemarechal1997practical,
  title={Practical Aspects of the Moreau--Yosida Regularization: Theoretical Preliminaries},
  author={Lemar{\'e}chal, Claude and Sagastiz{\'a}bal, Claudia},
  journal={SIAM Journal on Optimization},
  volume={7},
  number={2},
  pages={367--385},
  year={1997},
  publisher={SIAM}
}

@article{qu2016coordinate,
  title={Coordinate descent with arbitrary sampling I: Algorithms and complexity},
  author={Qu, Zheng and Richt{\'a}rik, Peter},
  journal={Optimization Methods and Software},
  volume={31},
  number={5},
  pages={829--857},
  year={2016},
  publisher={Taylor \& Francis}
}

@inproceedings{liang2014local,
  title={Local linear convergence of Forward--Backward under partial smoothness},
  author={Liang, Jingwei and Fadili, Jalal and Peyr{\'e}, Gabriel},
  booktitle={Advances in Neural Information Processing Systems},
  pages={1970--1978},
  year={2014}
}

@article{smith2015l1,
  title={L1-regularized distributed optimization: A communication-efficient primal-dual framework},
  author={Smith, Virginia and Forte, Simone and Jordan, Michael I and Jaggi, Martin},
  journal={arXiv preprint arXiv:1512.04011, presented at the ML Systems Workshop of ICML},
  year={2016}
}


@inproceedings{ogawa2013safe,
  title={Safe screening of non-support vectors in pathwise SVM computation},
  author={Ogawa, Kohei and Suzuki, Yoshiki and Takeuchi, Ichiro},
  booktitle={International Conference on Machine Learning},
  pages={1382--1390},
  year={2013}
}


@inproceedings{dhillon2011nearest,
  title={Nearest neighbor based greedy coordinate descent},
  author={Dhillon, Inderjit S and Ravikumar, Pradeep K and Tewari, Ambuj},
  booktitle={Advances in Neural Information Processing Systems},
  year={2011}
}

@inproceedings{nutini2015coordinate,
  title={Coordinate descent converges faster with the Gauss-Southwell rule than random selection},
  author={Nutini, Julie and Schmidt, Mark and Laradji, Issam and Friedlander, Michael and Koepke, Hoyt},
  booktitle={International Conference on Machine Learning},
  year={2015}
}


@inproceedings{namkoong2017adaptive,
  title={Adaptive sampling probabilities for non-smooth optimization},
  author={Namkoong, Hongseok and Sinha, Aman and Yadlowsky, Steve and Duchi, John C},
  booktitle={International Conference on Machine Learning},
  pages={2574--2583},
  year={2017}
}

@article{nutini2017let,
  title={Let's Make Block Coordinate Descent Go Fast: Faster Greedy Rules, Message-Passing, Active-Set Complexity, and Superlinear Convergence},
  author={Nutini, Julie and Laradji, Issam and Schmidt, Mark},
  journal={preprint arXiv:1712.08859},
  year={2017}
}

@article{perekrestenko2017faster,
  title={Faster coordinate descent via adaptive importance sampling},
  author={Perekrestenko, Dmytro and Cevher, Volkan and Jaggi, Martin},
  journal={arXiv preprint arXiv:1703.02518},
  year={2017}
}


@inproceedings{csiba2015stochastic,
  title={Stochastic dual coordinate ascent with adaptive probabilities},
  author={Csiba, Dominik and Qu, Zheng and Richt{\'a}rik, Peter},
  booktitle={International Conference on Machine Learning},
  pages={674--683},
  year={2015}
}

@inproceedings{stich2017safe,
  title={Safe adaptive importance sampling},
  author={Stich, Sebastian U and Raj, Anant and Jaggi, Martin},
  booktitle={Advances in Neural Information Processing Systems},
  pages={4381--4391},
  year={2017}
}


@inproceedings{glasmachers2013accelerated,
  title={Accelerated coordinate descent with adaptive coordinate frequencies},
  author={Glasmachers, Tobias and Dogan, Urun},
  booktitle={Asian Conference on Machine Learning},
  pages={72--86},
  year={2013}
}


@article{richtarik2016optimal,
  title={On optimal probabilities in stochastic coordinate descent methods},
  author={Richt{\'a}rik, Peter and Tak{\'a}{\v{c}}, Martin},
  journal={Optimization Letters},
  volume={10},
  number={6},
  pages={1233--1243},
  year={2016},
  publisher={Springer}
}

@inproceedings{zhao2015stochastic,
  title={Stochastic optimization with importance sampling for regularized loss minimization},
  author={Zhao, Peilin and Zhang, Tong},
  booktitle={international conference on machine learning},
  pages={1--9},
  year={2015}
}

@inproceedings{loshchilov2011adaptive,
  title={Adaptive coordinate descent},
  author={Loshchilov, Ilya and Schoenauer, Marc and Sebag, Mich{\`e}le},
  booktitle={Proceedings of the 13th annual conference on Genetic and evolutionary computation},
  pages={885--892},
  year={2011},
  organization={ACM}
}


@article{drineas2011note,
  title={A note on element-wise matrix sparsification via a matrix-valued Bernstein inequality},
  author={Drineas, Petros and Zouzias, Anastasios},
  journal={Information Processing Letters},
  volume={111},
  number={8},
  pages={385--389},
  year={2011},
  publisher={Elsevier}
}

@article{richtarik2014iteration,
  title={Iteration complexity of randomized block-coordinate descent methods for minimizing a composite function},
  author={Richt{\'a}rik, Peter and Tak{\'a}{\v{c}}, Martin},
  journal={Mathematical Programming},
  volume={144},
  number={1-2},
  pages={1--38},
  year={2014},
  publisher={Springer}
}


@article{fadili2018model,
  title={Model Consistency for Learning with Mirror-Stratifiable Regularizers},
  author={Fadili, Jalal and Garrigos, Guillaume and Malick, J{\'e}rome and Peyr{\'e}, Gabriel},
  journal={arXiv preprint arXiv:1803.08381},
  year={2018}
}



@article{massias2018dual,
  title={Dual Extrapolation for Faster Lasso Solvers},
  author={Massias, Mathurin and Gramfort, Alexandre and Salmon, Joseph},
  journal={arXiv preprint arXiv:1802.07481},
  year={2018}
}


@article{richtarik2016distributed,
  title={Distributed coordinate descent method for learning with big data},
  author={Richt{\'a}rik, Peter and Tak{\'a}{\v{c}}, Martin},
  journal={The Journal of Machine Learning Research},
  volume={17},
  number={1},
  pages={2657--2681},
  year={2016},
  publisher={JMLR. org}
}


@article{nesterov2012efficiency,
  title={Efficiency of coordinate descent methods on huge-scale optimization problems},
  author={Nesterov, Yu},
  journal={SIAM Journal on Optimization},
  volume={22},
  number={2},
  pages={341--362},
  year={2012},
  publisher={SIAM}
}


@article{mishchenko2018,
  title={A Distributed Flexible Delay-tolerant Proximal Gradient Algorithm},
  author={Mishchenko, Konstantin and Iutzeler, Franck and Malick, J{\'e}r{\^o}me},
  journal={arXiv preprint arXiv:1806.09429},
  year={2018}
}
@InProceedings{ICML18,
  title = 	 {A Delay-tolerant Proximal-Gradient Algorithm for Distributed Learning},
  author = 	 {Mishchenko, Konstantin and Iutzeler, Franck and Malick, J{\'e}r{\^o}me and Amini, Massih-Reza},
  booktitle = 	 {Proceedings of the 35th International Conference on Machine Learning (ICML)},
  pages = 	 {3587--3595},
  year = 	 {2018},
  volume = 	 {80},
}



@article{wright1993identifiable,
  title={Identifiable surfaces in constrained optimization},
  author={Wright, Stephen J},
  journal={SIAM Journal on Control and Optimization},
  volume={31},
  number={4},
  pages={1063--1079},
  year={1993},
  publisher={SIAM}
}


@article{liu2015asynchronous,
  title={An asynchronous parallel stochastic coordinate descent algorithm},
  author={Liu, Ji and Wright, Stephen J and R{\'e}, Christopher and Bittorf, Victor and Sridhar, Srikrishna},
  journal={The Journal of Machine Learning Research},
  volume={16},
  number={1},
  pages={285--322},
  year={2015},
  publisher={JMLR. org}
}

@article{konevcny2016federated2,
  title={Federated learning: Strategies for improving communication efficiency},
  author={Kone{\v{c}}n{\`y}, Jakub and McMahan, H Brendan and Yu, Felix X and Richt{\'a}rik, Peter and Suresh, Ananda Theertha and Bacon, Dave},
  journal={arXiv:1610.05492},
  year={2016}
}


@article{hare2004identifying,
  title={Identifying active constraints via partial smoothness and prox-regularity},
  author={Hare, Warren L and Lewis, Adrian S},
  journal={Journal of Convex Analysis},
  volume={11},
  number={2},
  pages={251--266},
  year={2004},
  publisher={HELDERMANN VERLAG LANGER GRABEN 17, 32657 LEMGO, GERMANY}
}

@article{poon2018local,
  title={Local Convergence Properties of SAGA/Prox-SVRG and Acceleration},
  author={Poon, Clarice and Liang, Jingwei and Sch{\"o}nlieb, Carola-Bibiane},
  journal={arXiv preprint arXiv:1802.02554},
  year={2018}
}

@inproceedings{wangni2018gradient,
  title={Gradient sparsification for communication-efficient distributed optimization},
  author={Wangni, Jianqiao and Wang, Jialei and Liu, Ji and Zhang, Tong},
  booktitle={Advances in Neural Information Processing Systems},
  pages={1306--1316},
  year={2018}
}

@article{fadili2018sensitivity,
  title={Sensitivity analysis for mirror-stratifiable convex functions},
  author={Fadili, Jalal and Malick, Jerome and Peyr{\'e}, Gabriel},
  journal={SIAM Journal on Optimization},
  volume={28},
  number={4},
  pages={2975--3000},
  year={2018},
  publisher={SIAM}
}

@inproceedings{salehi2018coordinate,
  title={Coordinate descent with bandit sampling},
  author={Salehi, Farnood and Thiran, Patrick and Celis, Elisa},
  booktitle={Advances in Neural Information Processing Systems},
  pages={9247--9257},
  year={2018}
}

@article{salehi2017stochastic,
  title={Stochastic Dual Coordinate Descent with Bandit Sampling},
  author={Salehi, Farnood and Thiran, Patrick and Celis, L Elisa},
  journal={arXiv preprint arXiv:1712.03010},
  year={2017}
}

@article{langford2009sparse,
  title={Sparse online learning via truncated gradient},
  author={Langford, John and Li, Lihong and Zhang, Tong},
  journal={Journal of Machine Learning Research},
  volume={10},
  number={Mar},
  pages={777--801},
  year={2009}
}

@inproceedings{wang2017efficient,
  title={Efficient distributed learning with sparsity},
  author={Wang, Jialei and Kolar, Mladen and Srebro, Nathan and Zhang, Tong},
  booktitle={Proceedings of the 34th International Conference on Machine Learning-Volume 70},
  pages={3636--3645},
  year={2017},
  organization={JMLR. org}
}



@article{fan2017lamm,
  title={I-LAMM for sparse learning: Simultaneous control of algorithmic complexity and statistical error},
  author={Fan, Jianqing and Liu, Han and Sun, Qiang and Zhang, Tong},
  journal={Ann. Statist. To appear. Available at},
  year={2017}
}

@article{lee2012manifold,
  title={Manifold identification in dual averaging for regularized stochastic online learning},
  author={Lee, Sangkyun and Wright, Stephen J},
  journal={Journal of Machine Learning Research},
  volume={13},
  year={2012}
}


@article{chang2011libsvm,
  title={LIBSVM: a library for support vector machines},
  author={Chang, Chih-Chung and Lin, Chih-Jen},
  journal={ACM Transactions on Intelligent Systems and Technology (TIST)},
  volume={2},
  number={3},
  pages={27},
  year={2011},
  publisher={Acm}
}



@article{grishchenko2018asynchronous,
  title={Asynchronous Distributed Learning with Sparse Communications and Identification},
  author={Grishchenko, Dmitry and Iutzeler, Franck and Malick, J{\'e}r{\^o}me and Amini, Massih-Reza},
  journal={arXiv preprint arXiv:1812.03871},
  year={2018}
}



@article{ma2019accelerated,
  title={An accelerated communication-efficient primal-dual optimization framework for structured machine learning},
  author={Ma, Chenxin and Jaggi, Martin and Curtis, Frank E and Srebro, Nathan and Tak{\'a}{\v{c}}, Martin},
  journal={Optimization Methods and Software},
  pages={1--25},
  year={2019},
  publisher={Taylor \& Francis}
}

@misc{lopes2017accelerating,
  title={Accelerating block coordinate descent methods with identification strategies},
  author={Lopes, Ronaldo and Santos, Sandra A and Silva, Paulo JS},
  howpublished={\url{http://www.optimization-online.org/DB$\_$FILE/2017/11/6335.pdf}},
  year={2017}
}

@inproceedings{li2013distributed,
  title={Distributed delayed proximal gradient methods},
  author={Li, Mu and Andersen, David G and Smola, Alexander},
  booktitle={NIPS Workshop on Optimization for Machine Learning},
  year={2013}
}

@article{ren2017communication,
  title={Communication-efficient Algorithm for Distributed Sparse Learning via Two-way Truncation},
  author={Ren, Jineng and Li, Xingguo and Haupt, Jarvis},
  journal={arXiv preprint arXiv:1709.00537},
  year={2017}
}

@inproceedings{iutzeler2013asynchronous,
  title={Asynchronous distributed optimization using a randomized alternating direction method of multipliers},
  author={Iutzeler, Franck and Bianchi, Pascal and Ciblat, Philippe and Hachem, Walid},
  booktitle={Decision and Control (CDC), 2013 IEEE 52nd Annual Conference on},
  pages={3671--3676},
  year={2013},
  organization={IEEE}
}




@book{nesterov-book,
  title={Introductory lectures on convex optimization: A basic course},
  author={Nesterov, Y.},
  volume={87},
  year={2013},
  publisher={Springer Science \& Business Media}
}

@article{calauzenes2017distributed,
  title={Distributed SAGA: Maintaining linear convergence rate with limited communication},
  author={Calauz{\`e}nes, Cl{\'e}ment and Roux, Nicolas Le},
  journal={arXiv preprint arXiv:1705.10405},
  year={2017}
}

@inproceedings{ma2015adding,
  title={Adding vs. Averaging in Distributed Primal-Dual Optimization},
  author={Ma, Chenxin and Smith, Virginia and Jaggi, Martin and Jordan, Michael and Richtarik, Peter and Takac, Martin},
  booktitle={International Conference on Machine Learning},
  pages={1973--1982},
  year={2015}
}

@inproceedings{defazio2014finito,
  title={Finito: A faster, permutable incremental gradient method for big data problems},
  author={Defazio, Aaron and Domke, Justin and Caetano, Tiberio},
  booktitle={Proceedings of the 31st international conference on machine learning (ICML-14)},
  pages={1125--1133},
  year={2014}
}

@inproceedings{feyzmahdavian2014delayed,
  title={A delayed proximal gradient method with linear convergence rate},
  author={Feyzmahdavian, Hamid Reza and Aytekin, Arda and Johansson, Mikael},
  booktitle={IEEE International Workshop on Machine Learning for Signal Processing (MLSP)},
  year={2014}
}


@article{zhu1996co,
  title={Co-coercivity and its role in the convergence of iterative schemes for solving variational inequalities},
  author={Zhu, Dao Li and Marcotte, Patrice},
  journal={SIAM Journal on Optimization},
  volume={6},
  number={3},
  pages={714--726},
  year={1996},
  publisher={SIAM}
}

@article{vanli2016stronger,
  title={A stronger convergence result on the proximal incremental aggregated gradient method},
  author={Vanli, Nuri Denizcan and Gurbuzbalaban, Mert and Ozdaglar, Asu},
  journal={arXiv preprint arXiv:1611.08022},
  year={2016}
}

@article{bertsekas2011incremental,
  title={Incremental proximal methods for large scale convex optimization},
  author={Bertsekas, Dimitri P},
  journal={Mathematical programming},
  volume={129},
  number={2},
  pages={163},
  year={2011},
  publisher={Springer}
}

@article{kovalev2019don,
  title={Don't Jump Through Hoops and Remove Those Loops: SVRG and Katyusha are Better Without the Outer Loop},
  author={Kovalev, Dmitry and Horv{\'a}th, Samuel and Richt{\'a}rik, Peter},
  journal={arXiv preprint arXiv:1901.08689},
  year={2019}
}

@article{mairal2015incremental,
  title={Incremental majorization-minimization optimization with application to large-scale machine learning},
  author={Mairal, Julien},
  journal={SIAM Journal on Optimization},
  volume={25},
  number={2},
  pages={829--855},
  year={2015},
  publisher={SIAM}
}

@article{drusvyatskiy2014optimality,
  title={Optimality, identifiability, and sensitivity},
  author={Drusvyatskiy, Dmitriy and Lewis, Adrian S},
  journal={Mathematical Programming},
  volume={147},
  number={1-2},
  pages={467--498},
  year={2014},
  publisher={Springer}
}

@article{lewis2002active,
  title={Active sets, nonsmoothness, and sensitivity},
  author={Lewis, Adrian S},
  journal={SIAM Journal on Optimization},
  volume={13},
  number={3},
  pages={702--725},
  year={2002},
  publisher={SIAM}
}

@article{tseng2001convergence,
  title={Convergence of a block coordinate descent method for nondifferentiable minimization},
  author={Tseng, Paul},
  journal={Journal of optimization theory and applications},
  volume={109},
  number={3},
  pages={475--494},
  year={2001},
  publisher={Springer}
}

@article{tibshirani2005sparsity,
  title={Sparsity and smoothness via the fused lasso},
  author={Tibshirani, Robert and Saunders, Michael and Rosset, Saharon and Zhu, Ji and Knight, Keith},
  journal={Journal of the Royal Statistical Society: Series B (Statistical Methodology)},
  volume={67},
  number={1},
  pages={91--108},
  year={2005},
  publisher={Wiley Online Library}
}


@inproceedings{frongillo2015convergence,
  title={Convergence analysis of prediction markets via randomized subspace descent},
  author={Frongillo, Rafael and Reid, Mark D},
  booktitle={Advances in Neural Information Processing Systems},
  pages={3034--3042},
  year={2015}
}


@article{condat2013direct,
  title={A direct algorithm for 1-D total variation denoising},
  author={Condat, Laurent},
  journal={IEEE Signal Processing Letters},
  volume={20},
  number={11},
  pages={1054--1057},
  year={2013},
  publisher={IEEE}
}

@inproceedings{yuan2011efficient,
  title={Efficient methods for overlapping group lasso},
  author={Yuan, Lei and Liu, Jun and Ye, Jieping},
  booktitle={Advances in neural information processing systems},
  pages={352--360},
  year={2011}
}


@article{combettes2008proximal,
  title={Proximal thresholding algorithm for minimization over orthonormal bases},
  author={Combettes, Patrick L and Pesquet, Jean-Christophe},
  journal={SIAM Journal on Optimization},
  volume={18},
  number={4},
  pages={1351--1376},
  year={2008},
  publisher={SIAM}
}


@article{necoara2014random,
  title={A random coordinate descent algorithm for optimization problems with composite objective function and linear coupled constraints},
  author={Necoara, Ion and Patrascu, Andrei},
  journal={Computational Optimization and Applications},
  volume={57},
  number={2},
  pages={307--337},
  year={2014},
  publisher={Springer}
}


@inproceedings{fadili2019model,
  title={Model Consistency for Learning with Mirror-Stratifiable Regularizers},
  author={Fadili, Jalal M and Garrigos, Guillaume and Malick, J{\'e}r{\^o}me and Peyr{\'e}, Gabriel},
  booktitle={International Conference on Artificial Intelligence and Statistics (AISTATS)},
  year={2019}
}

@article{liang2017activity,
  title={Activity Identification and Local Linear Convergence of Forward--Backward-type Methods},
  author={Liang, Jingwei and Fadili, Jalal and Peyr{\'e}, Gabriel},
  journal={SIAM Journal on Optimization},
  volume={27},
  number={1},
  pages={408--437},
  year={2017},
  publisher={SIAM}
}

@article{fercoq2015mind,
  title={Mind the duality gap: safer rules for the lasso},
  author={Fercoq, Olivier and Gramfort, Alexandre and Salmon, Joseph},
  journal={arXiv preprint arXiv:1505.03410},
  year={2015}
}


@article{lewis2018partial,
  title={Partial smoothness and constant rank},
  author={Lewis, Adrian S and Liang, Jingwei},
  journal={arXiv preprint arXiv:1807.03134},
  year={2018}
}

@inproceedings{sun2019we,
  title={Are we there yet? manifold identification of gradient-related proximal methods},
  author={Sun, Yifan and Jeong, Halyun and Nutini, Julie and Schmidt, Mark},
  booktitle={The 22nd International Conference on Artificial Intelligence and Statistics},
  pages={1110--1119},
  year={2019}
}


@article{wright2012accelerated,
  title={Accelerated block-coordinate relaxation for regularized optimization},
  author={Wright, Stephen J},
  journal={SIAM Journal on Optimization},
  volume={22},
  number={1},
  pages={159--186},
  year={2012},
  publisher={SIAM}
}


@article{burke1988identification,
  title={On the identification of active constraints},
  author={Burke, James V and Mor{\'e}, Jorge J},
  journal={SIAM Journal on Numerical Analysis},
  volume={25},
  number={5},
  pages={1197--1211},
  year={1988},
  publisher={SIAM}
}



@article{donoho1995noising,
  title={De-noising by soft-thresholding},
  author={Donoho, David L},
  journal={IEEE transactions on information theory},
  volume={41},
  number={3},
  pages={613--627},
  year={1995},
  publisher={IEEE}
}


@inproceedings{yang2013trading,
  title={Trading computation for communication: Distributed stochastic dual coordinate ascent},
  author={Yang, Tianbao},
  booktitle={Advances in Neural Information Processing Systems},
  pages={629--637},
  year={2013}
}

@article{horvath2019stochastic,
  title={Stochastic distributed learning with gradient quantization and variance reduction},
  author={Horv{\'a}th, Samuel and Kovalev, Dmitry and Mishchenko, Konstantin and Stich, Sebastian and Richt{\'a}rik, Peter},
  journal={arXiv preprint arXiv:1904.05115},
  year={2019}
}

@article{koloskova2019decentralized,
  title={Decentralized stochastic optimization and gossip algorithms with compressed communication},
  author={Koloskova, Anastasia and Stich, Sebastian U and Jaggi, Martin},
  journal={arXiv preprint arXiv:1902.00340},
  year={2019}
}

@article{ben2019demystifying,
  title={Demystifying parallel and distributed deep learning: An in-depth concurrency analysis},
  author={Ben-Nun, Tal and Hoefler, Torsten},
  journal={ACM Computing Surveys (CSUR)},
  volume={52},
  number={4},
  pages={1--43},
  year={2019},
  publisher={ACM New York, NY, USA}
}

@article{lin2017deep,
  title={Deep gradient compression: Reducing the communication bandwidth for distributed training},
  author={Lin, Yujun and Han, Song and Mao, Huizi and Wang, Yu and Dally, William J},
  journal={arXiv preprint arXiv:1712.01887},
  year={2017}
}



@inproceedings{wen2017terngrad,
  title={Terngrad: Ternary gradients to reduce communication in distributed deep learning},
  author={Wen, Wei and Xu, Cong and Yan, Feng and Wu, Chunpeng and Wang, Yandan and Chen, Yiran and Li, Hai},
  booktitle={Advances in neural information processing systems},
  pages={1509--1519},
  year={2017}
}

@article{bernstein2018signsgd,
  title={signSGD: Compressed optimisation for non-convex problems},
  author={Bernstein, Jeremy and Wang, Yu-Xiang and Azizzadenesheli, Kamyar and Anandkumar, Anima},
  journal={arXiv preprint arXiv:1802.04434},
  year={2018}
}



@article{stich2018local,
  title={Local SGD converges fast and communicates little},
  author={Stich, Sebastian U},
  journal={arXiv preprint arXiv:1805.09767},
  year={2018}
}

@article{khaled2019first,
  title={First analysis of local gd on heterogeneous data},
  author={Khaled, Ahmed and Mishchenko, Konstantin and Richt{\'a}rik, Peter},
  journal={arXiv preprint arXiv:1909.04715},
  year={2019}
}

@inproceedings{khaled2020tighter,
  title={Tighter theory for local SGD on identical and heterogeneous data},
  author={Khaled, A and Mishchenko, K and Richt{\'a}rik, P},
  booktitle={The 23rd International Conference on Artificial Intelligence and Statistics (AISTATS 2020)},
  year={2020}
}

@article{ma2017distributed,
  title={Distributed optimization with arbitrary local solvers},
  author={Ma, Chenxin and Kone{\v{c}}n{\`y}, Jakub and Jaggi, Martin and Smith, Virginia and Jordan, Michael I and Richt{\'a}rik, Peter and Tak{\'a}{\v{c}}, Martin},
  journal={Optimization Methods and Software},
  volume={32},
  number={4},
  pages={813--848},
  year={2017},
  publisher={Taylor \& Francis}
}

@article{li2019federated,
  title={Federated learning: Challenges, methods, and future directions},
  author={Li, Tian and Sahu, Anit Kumar and Talwalkar, Ameet and Smith, Virginia},
  journal={arXiv preprint arXiv:1908.07873},
  year={2019}
}





@inproceedings{recht2011hogwild,
  title={Hogwild: A lock-free approach to parallelizing stochastic gradient descent},
  author={Recht, Benjamin and Re, Christopher and Wright, Stephen and Niu, Feng},
  booktitle={Advances in neural information processing systems},
  pages={693--701},
  year={2011}
}

@inproceedings{shamir2014distributed,
  title={Distributed stochastic optimization and learning},
  author={Shamir, Ohad and Srebro, Nathan},
  booktitle={2014 52nd Annual Allerton Conference on Communication, Control, and Computing (Allerton)},
  pages={850--857},
  year={2014},
  organization={IEEE}
}

@article{dekel2012optimal,
  title={Optimal distributed online prediction using mini-batches},
  author={Dekel, Ofer and Gilad-Bachrach, Ran and Shamir, Ohad and Xiao, Lin},
  journal={Journal of Machine Learning Research},
  volume={13},
  number={Jan},
  pages={165--202},
  year={2012}
}

@inproceedings{shalev2013accelerated,
  title={Accelerated mini-batch stochastic dual coordinate ascent},
  author={Shalev-Shwartz, Shai and Zhang, Tong},
  booktitle={Advances in Neural Information Processing Systems},
  pages={378--385},
  year={2013}
}


@incollection{robbins1971convergence,
  title={A convergence theorem for non negative almost supermartingales and some applications},
  author={Robbins, Herbert and Siegmund, David},
  booktitle={Optimizing methods in statistics},
  pages={233--257},
  year={1971},
  publisher={Elsevier}
}

@article{stout1974almost,
  title={Almost Sure Convergence.},
  author={Stout, William F},
  year={1974}
}


@book{hiriart2012fundamentals,
  title={Fundamentals of convex analysis},
  author={Hiriart-Urruty, Jean-Baptiste and Lemar{\'e}chal, Claude},
  year={2012},
  publisher={Springer Science \& Business Media}
}

@incollection{yamada2011minimizing,
  title={Minimizing the Moreau envelope of nonsmooth convex functions over the fixed point set of certain quasi-nonexpansive mappings},
  author={Yamada, Isao and Yukawa, Masahiro and Yamagishi, Masao},
  booktitle={Fixed-Point Algorithms for Inverse Problems in Science and Engineering},
  pages={345--390},
  year={2011},
  publisher={Springer}
}

@article{kolmogorov1933grundbegriffe,
  title={Grundbegriffe der Wahrscheinlichkeitreichnung},
  author={KOLMOGOROV, AN},
  journal={Ergebnisse der Mathematik},
  year={1933}
}


@article{jenatton2011structured,
  title={Structured variable selection with sparsity-inducing norms},
  author={Jenatton, Rodolphe and Audibert, Jean-Yves and Bach, Francis},
  journal={Journal of Machine Learning Research},
  volume={12},
  number={Oct},
  pages={2777--2824},
  year={2011}
}

@article{zhao2006grouped,
  title={Grouped and hierarchical model selection through composite absolute penalties},
  author={Zhao, Peng and Rocha, Guilherme and Yu, Bin},
  journal={Department of Statistics, UC Berkeley, Tech. Rep},
  volume={703},
  year={2006}
}



@article{bertsekas1976goldstein,
  title={On the Goldstein-Levitin-Polyak gradient projection method},
  author={Bertsekas, Dimitri P},
  journal={IEEE Transactions on automatic control},
  volume={21},
  number={2},
  pages={174--184},
  year={1976},
  publisher={IEEE}
}

@incollection{argyriou2013sparsity,
  title={On sparsity inducing regularization methods for machine learning},
  author={Argyriou, Andreas and Baldassarre, Luca and Micchelli, Charles A and Pontil, Massimiliano},
  booktitle={Empirical inference},
  pages={205--216},
  year={2013},
  publisher={Springer}
}



@article{qian2019miso,
  title={Miso is making a comeback with better proofs and rates},
  author={Qian, Xun and Sailanbayev, Alibek and Mishchenko, Konstantin and Richt{\'a}rik, Peter},
  journal={arXiv preprint arXiv:1906.01474},
  year={2019}
}

@article{vaiter2015model,
  title={Model selection with low complexity priors},
  author={Vaiter, Samuel and Golbabaee, Mohammad and Fadili, Jalal and Peyr{\'e}, Gabriel},
  journal={Information and Inference: A Journal of the IMA},
  volume={4},
  number={3},
  pages={230--287},
  year={2015},
  publisher={Oxford University Press}
}



@inproceedings{hofmann2015variance,
  title={Variance reduced stochastic gradient descent with neighbors},
  author={Hofmann, Thomas and Lucchi, Aurelien and Lacoste-Julien, Simon and McWilliams, Brian},
  booktitle={Advances in Neural Information Processing Systems},
  pages={2305--2313},
  year={2015}
}



@article{schmidt2017minimizing,
  title={Minimizing finite sums with the stochastic average gradient},
  author={Schmidt, Mark and Le Roux, Nicolas and Bach, Francis},
  journal={Mathematical Programming},
  volume={162},
  number={1-2},
  pages={83--112},
  year={2017},
  publisher={Springer}
}

@article{blatt2007convergent,
  title={A convergent incremental gradient method with a constant step size},
  author={Blatt, Doron and Hero, Alfred O and Gauchman, Hillel},
  journal={SIAM Journal on Optimization},
  volume={18},
  number={1},
  pages={29--51},
  year={2007},
  publisher={SIAM}
}

@article{shalev2013stochastic,
  title={Stochastic dual coordinate ascent methods for regularized loss minimization},
  author={Shalev-Shwartz, Shai and Zhang, Tong},
  journal={Journal of Machine Learning Research},
  volume={14},
  number={Feb},
  pages={567--599},
  year={2013}
}

@inproceedings{shalev2016sdca,
  title={SDCA without duality, regularization, and individual convexity},
  author={Shalev-Shwartz, Shai},
  booktitle={International Conference on Machine Learning},
  pages={747--754},
  year={2016}
}


@incollection{nedic2001convergence,
  title={Convergence rate of incremental subgradient algorithms},
  author={Nedi{\'c}, Angelia and Bertsekas, Dimitri},
  booktitle={Stochastic optimization: algorithms and applications},
  pages={223--264},
  year={2001},
  publisher={Springer}
}

@inproceedings{hanzely2018sega,
  title={SEGA: Variance reduction via gradient sketching},
  author={Hanzely, Filip and Mishchenko, Konstantin and Richt{\'a}rik, Peter},
  booktitle={Advances in Neural Information Processing Systems},
  pages={2082--2093},
  year={2018}
}

@article{solodov1998incremental,
  title={Incremental gradient algorithms with stepsizes bounded away from zero},
  author={Solodov, Mikhail V},
  journal={Computational Optimization and Applications},
  volume={11},
  number={1},
  pages={23--35},
  year={1998},
  publisher={Springer}
}

@incollection{richtarik2012efficient,
  title={Efficient serial and parallel coordinate descent methods for huge-scale truss topology design},
  author={Richt{\'a}rik, Peter and Tak{\'a}{\v{c}}, Martin},
  booktitle={Operations Research Proceedings 2011},
  pages={27--32},
  year={2012},
  publisher={Springer}
}

@article{raguet2013generalized,
  title={A generalized forward-backward splitting},
  author={Raguet, Hugo and Fadili, Jalal and Peyr{\'e}, Gabriel},
  journal={SIAM Journal on Imaging Sciences},
  volume={6},
  number={3},
  pages={1199--1226},
  year={2013},
  publisher={SIAM}
}


@article{daubechies2004iterative,
  title={An iterative thresholding algorithm for linear inverse problems with a sparsity constraint},
  author={Daubechies, Ingrid and Defrise, Michel and De Mol, Christine},
  journal={Communications on Pure and Applied Mathematics: A Journal Issued by the Courant Institute of Mathematical Sciences},
  volume={57},
  number={11},
  pages={1413--1457},
  year={2004},
  publisher={Wiley Online Library}
}

@incollection{gabay1983chapter,
  title={Chapter ix applications of the method of multipliers to variational inequalities},
  author={Gabay, Daniel},
  booktitle={Studies in mathematics and its applications},
  volume={15},
  pages={299--331},
  year={1983},
  publisher={Elsevier}
}


@article{rockafellar1976monotone,
  title={Monotone operators and the proximal point algorithm},
  author={Rockafellar, R Tyrrell},
  journal={SIAM journal on control and optimization},
  volume={14},
  number={5},
  pages={877--898},
  year={1976},
  publisher={SIAM}
}

@article{candes2008enhancing,
  title={Enhancing sparsity by reweighted l 1 minimization},
  author={Candes, Emmanuel J and Wakin, Michael B and Boyd, Stephen P},
  journal={Journal of Fourier analysis and applications},
  volume={14},
  number={5-6},
  pages={877--905},
  year={2008},
  publisher={Springer}
}

@article{wright2015coordinate,
  title={Coordinate descent algorithms},
  author={Wright, Stephen J},
  journal={Mathematical Programming},
  volume={151},
  number={1},
  pages={3--34},
  year={2015},
  publisher={Springer}
}


@article{teboulle2018simplified,
  title={A simplified view of first order methods for optimization},
  author={Teboulle, Marc},
  journal={Mathematical Programming},
  volume={170},
  number={1},
  pages={67--96},
  year={2018},
  publisher={Springer}
}



@incollection{combettes2011proximal,
  title={Proximal splitting methods in signal processing},
  author={Combettes, Patrick L and Pesquet, Jean-Christophe},
  booktitle={Fixed-point algorithms for inverse problems in science and engineering},
  pages={185--212},
  year={2011},
  publisher={Springer}
}


@article{aytekin2016analysis,
  title={Analysis and implementation of an asynchronous optimization algorithm for the parameter server},
  author={Aytekin, Arda and Feyzmahdavian, Hamid Reza and Johansson, Mikael},
  journal={arXiv preprint arXiv:1610.05507},
  year={2016}
}

@book{yosida2012functional,
  title={Functional analysis},
  author={Yosida, K{\"o}saku},
  year={2012},
  publisher={Springer Science \& Business Media}
}

@article{moreau1962fonctions,
  title={Fonctions convexes duales et points proximaux dans un espace hilbertien},
  author={Moreau, Jean Jacques},
  year={1962}
}


@article{bach2008convex,
  title={Convex sparse matrix factorizations},
  author={Bach, Francis and Mairal, Julien and Ponce, Jean},
  journal={arXiv preprint arXiv:0812.1869},
  year={2008}
}


@article{fukushima1981generalized,
  title={A generalized proximal point algorithm for certain non-convex minimization problems},
  author={Fukushima, Masao and Mine, Hisashi},
  journal={International Journal of Systems Science},
  volume={12},
  number={8},
  pages={989--1000},
  year={1981},
  publisher={Taylor \& Francis}
}


@article{bubeck2015convex,
  title={Convex optimization: Algorithms and complexity},
  author={Bubeck, S{\'e}bastien and others},
  journal={Foundations and Trends{\textregistered} in Machine Learning},
  volume={8},
  number={3-4},
  pages={231--357},
  year={2015},
  publisher={Now Publishers, Inc.}
}

@book{bauschke2011convex,
  title={Convex analysis and monotone operator theory in Hilbert spaces},
  author={Bauschke, Heinz H and Combettes, Patrick L},
  year={2011},
  publisher={Springer Science \& Business Media}
}

@inproceedings{leblond2016asaga,
  title={ASAGA: Asynchronous Parallel SAGA},
  author={Leblond, R{\'e}mi and Pedregosa, Fabian and Lacoste-Julien, Simon},
  booktitle={Artificial Intelligence and Statistics},
  pages={46--54},
  year={2017}
}


@article{bach2012optimization,
  title={Optimization with sparsity-inducing penalties},
  author={Bach, Francis and Jenatton, Rodolphe and Mairal, Julien and Obozinski, Guillaume and others},
  journal={Foundations and Trends{\textregistered} in Machine Learning},
  volume={4},
  number={1},
  pages={1--106},
  year={2012},
  publisher={Now Publishers, Inc.}
}

@inproceedings{pedregosa2017breaking,
  title={Breaking the Nonsmooth Barrier: A Scalable Parallel Method for Composite Optimization},
  author={Pedregosa, Fabian and Leblond, R{\'e}mi and Lacoste-Julien, Simon},
  booktitle={Advances in Neural Information Processing Systems},
  pages={55--64},
  year={2017}
}

@article{tibshirani1996regression,
  title={Regression shrinkage and selection via the lasso},
  author={Tibshirani, Robert},
  journal={Journal of the Royal Statistical Society. Series B (Methodological)},
  pages={267--288},
  year={1996},
  publisher={JSTOR}
}

@inproceedings{zhao2016fast,
  title={Fast Asynchronous Parallel Stochastic Gradient Descent: A Lock-Free Approach with Convergence Guarantee.},
  author={Zhao, Shen-Yi and Li, Wu-Jun},
  booktitle={AAAI},
  pages={2379--2385},
  year={2016}
}

@article{lee2015distributed,
  title={Distributed stochastic variance reduced gradient methods and a lower bound for communication complexity},
  author={Lee, Jason D and Lin, Qihang and Ma, Tengyu and Yang, Tianbao},
  journal={arXiv preprint arXiv:1507.07595},
  year={2015}
}
стра
@InProceedings{pmlr-v54-leblond17a,
  title = 	 {{ASAGA: Asynchronous Parallel SAGA}},
  author = 	 {R\'emi Leblond and Fabian Pedregosa and Simon Lacoste-Julien},
  booktitle = 	 {20th International Conference on Artificial Intelligence and Statistics},
  pages = 	 {46--54},
  year = 	 {2017},
}


@inproceedings{defazio2014saga,
  title={Saga: A fast incremental gradient method with support for non-strongly convex composite objectives},
  author={Defazio, Aaron and Bach, Francis and Lacoste-Julien, Simon},
  booktitle={Advances in Neural Information Processing Systems},
  pages={1646--1654},
  year={2014}
}

@article{takavc2015distributed,
  title={Distributed mini-batch SDCA},
  author={Tak{\'a}{\v{c}}, Martin and Richt{\'a}rik, Peter and Srebro, Nathan},
  journal={arXiv preprint arXiv:1507.08322},
  year={2015}
}


@article{shevade2003simple,
  title={A simple and efficient algorithm for gene selection using sparse logistic regression},
  author={Shevade, Shirish Krishnaj and Keerthi, S Sathiya},
  journal={Bioinformatics},
  volume={19},
  number={17},
  pages={2246--2253},
  year={2003},
  publisher={Oxford University Press}
}

@inproceedings{alistarh2017qsgd,
  title={QSGD: Communication-efficient SGD via gradient quantization and encoding},
  author={Alistarh, Dan and Grubic, Demjan and Li, Jerry and Tomioka, Ryota and Vojnovic, Milan},
  booktitle={Advances in Neural Information Processing Systems},
  pages={1709--1720},
  year={2017}
}


@incollection{bottou2010large,
  title={Large-scale machine learning with stochastic gradient descent},
  author={Bottou, L{\'e}on},
  booktitle={Proceedings of COMPSTAT'2010},
  pages={177--186},
  year={2010},
  publisher={Springer}
}


@inproceedings{zhang2014asynchronous,
  title={Asynchronous distributed ADMM for consensus optimization},
  author={Zhang, Ruiliang and Kwok, James},
  booktitle={International Conference on Machine Learning},
  pages={1701--1709},
  year={2014}
}

@article{zou2005regularization,
  title={Regularization and variable selection via the elastic net},
  author={Zou, Hui and Hastie, Trevor},
  journal={Journal of the Royal Statistical Society: Series B (Statistical Methodology)},
  volume={67},
  number={2},
  pages={301--320},
  year={2005},
  publisher={Wiley Online Library}
}


@article{yuan2006model,
  title={Model selection and estimation in regression with grouped variables},
  author={Yuan, Ming and Lin, Yi},
  journal={Journal of the Royal Statistical Society: Series B (Statistical Methodology)},
  volume={68},
  number={1},
  pages={49--67},
  year={2006},
  publisher={Wiley Online Library}
}

@inproceedings{sun2017asynchronous,
  title={Asynchronous Coordinate Descent under More Realistic Assumptions},
  author={Sun, Tao and Hannah, Robert and Yin, Wotao},
  booktitle={Advances in Neural Information Processing Systems},
  year={2017}
}

@article{konevcny2016federated,
  title={Federated optimization: distributed machine learning for on-device intelligence},
  author={Kone{\v{c}}n{\`y}, Jakub and McMahan, H Brendan and Ramage, Daniel and Richt{\'a}rik, Peter},
  journal={arXiv:1610.02527},
  year={2016}
}

@inproceedings{chen2012fast,
  title={A fast distributed proximal-gradient method},
  author={Chen, Annie I and Ozdaglar, Asuman},
  booktitle={Communication, Control, and Computing (Allerton), 2012 50th Annual Allerton Conference on},
  pages={601--608},
  year={2012},
  organization={IEEE}
}

@article{hannah2016unbounded,
  title={On unbounded delays in asynchronous parallel fixed-point algorithms},
  author={Hannah, Robert and Yin, Wotao},
  journal={Journal of Scientific Computing},
  pages={1--28},
  year={2016},
  publisher={Springer}
}
@article{peng2016arock,
  title={ARock: an algorithmic framework for asynchronous parallel coordinate updates},
  author={Peng, Zhimin and Xu, Yangyang and Yan, Ming and Yin, Wotao},
  journal={SIAM Journal on Scientific Computing},
  volume={38},
  number={5},
  pages={A2851--A2879},
  year={2016},
  publisher={SIAM}
}

@inproceedings{lin2015universal,
  title={A universal catalyst for first-order optimization},
  author={Lin, Hongzhou and Mairal, Julien and Harchaoui, Zaid},
  booktitle={Advances in neural information processing systems},
  pages={3384--3392},
  year={2015}
}

@article{mishchenko2019distributed,
  title={Distributed learning with compressed gradient differences},
  author={Mishchenko, Konstantin and Gorbunov, Eduard and Tak{\'a}{\v{c}}, Martin and Richt{\'a}rik, Peter},
  journal={arXiv preprint arXiv:1901.09269},
  year={2019}
}

@article{mishchenko201999,
  title={99\% of parallel optimization is inevitably a waste of time},
  author={Mishchenko, Konstantin and Hanzely, Filip and Richt{\'a}rik, Peter},
  journal={arXiv preprint arXiv:1901.09437},
  year={2019}
}

@article{hannah2017more,
  title={More Iterations per Second, Same Quality--Why Asynchronous Algorithms may Drastically Outperform Traditional Ones},
  author={Hannah, Robert and Yin, Wotao},
  journal={arXiv preprint arXiv:1708.05136},
  year={2017}
}

@inproceedings{ho2013more,
  title={More effective distributed ml via a stale synchronous parallel parameter server},
  author={Ho, Qirong and Cipar, James and Cui, Henggang and Lee, Seunghak and Kim, Jin Kyu and Gibbons, Phillip B and Gibson, Garth A and Ganger, Greg and Xing, Eric P},
  booktitle={Advances in neural information processing systems},
  pages={1223--1231},
  year={2013}
}

@article{mcmahan2016communication,
  title={Communication-efficient learning of deep networks from decentralized data},
  author={McMahan, H Brendan and Moore, Eider and Ramage, Daniel and Hampson, Seth and others},
  journal={arXiv preprint arXiv:1602.05629},
  year={2016}
}

@inproceedings{shokri2015privacy,
  title={Privacy-preserving deep learning},
  author={Shokri, Reza and Shmatikov, Vitaly},
  booktitle={Proceedings of the 22nd ACM SIGSAC conference on computer and communications security},
  pages={1310--1321},
  year={2015},
  organization={ACM}
}

@article{nedic2009distributed,
  title={Distributed subgradient methods for multi-agent optimization},
  author={Nedic, Angelia and Ozdaglar, Asuman},
  journal={IEEE Transactions on Automatic Control},
  volume={54},
  number={1},
  pages={48--61},
  year={2009},
  publisher={IEEE}
}

@article{boyd2011distributed,
  title={Distributed optimization and statistical learning via the alternating direction method of multipliers},
  author={Boyd, Stephen and Parikh, Neal and Chu, Eric and Peleato, Borja and Eckstein, Jonathan and others},
  journal={Foundations and Trends{\textregistered} in Machine learning},
  volume={3},
  number={1},
  pages={1--122},
  year={2011},
  publisher={Now Publishers, Inc.}
}

@article{duchi2011dual,
  title={Dual averaging for distributed optimization: Convergence analysis and network scaling},
  author={Duchi, John C and Agarwal, Alekh and Wainwright, Martin J},
  journal={IEEE Transactions on Automatic control},
  volume={57},
  number={3},
  pages={592--606},
  year={2011},
  publisher={IEEE}
}

@article{shi2015extra,
  title={Extra: An exact first-order algorithm for decentralized consensus optimization},
  author={Shi, Wei and Ling, Qing and Wu, Gang and Yin, Wotao},
  journal={SIAM Journal on Optimization},
  volume={25},
  number={2},
  pages={944--966},
  year={2015},
  publisher={SIAM}
}

@article{bertsekas1997parallel,
  title={Parallel and distributed computation: numerical methods. 1989},
  author={Bertsekas, Dimitri P and Tsitsiklis, John N},
  journal={Englewood Clifffs, New Jersey: Printice-Hall},
  year={1997}
}

@techreport{tsitsiklis1984problems,
  title={Problems in decentralized decision making and computation.},
  author={Tsitsiklis, John Nikolas},
  year={1984},
  institution={Massachusetts Inst of Tech Cambridge Lab for Information and Decision Systems}
}

@article{tsitsiklis1986distributed,
  title={Distributed asynchronous deterministic and stochastic gradient optimization algorithms},
  author={Tsitsiklis, John and Bertsekas, Dimitri and Athans, Michael},
  journal={IEEE transactions on automatic control},
  volume={31},
  number={9},
  pages={803--812},
  year={1986},
  publisher={IEEE}
}

@inproceedings{olshevsky2006convergence,
  title={Convergence rates in distributed consensus and averaging},
  author={Olshevsky, Alex and Tsitsiklis, John N},
  booktitle={Proceedings of the 45th IEEE Conference on Decision and Control},
  pages={3387--3392},
  year={2006},
  organization={IEEE}
}

@article{boyd2006randomized,
  title={Randomized gossip algorithms},
  author={Boyd, Stephen and Ghosh, Arpita and Prabhakar, Balaji and Shah, Devavrat},
  journal={IEEE transactions on information theory},
  volume={52},
  number={6},
  pages={2508--2530},
  year={2006},
  publisher={IEEE}
}

@article{olshevsky2009convergence,
  title={Convergence speed in distributed consensus and averaging},
  author={Olshevsky, Alex and Tsitsiklis, John N},
  journal={SIAM Journal on Control and Optimization},
  volume={48},
  number={1},
  pages={33--55},
  year={2009},
  publisher={SIAM}
}


